@book{EulerInfiniteV1,
  author = {Эйлер Л.},
  title = {Введение в анализ бесконечных, Том 1,2},
  year = {1748},
  publisher = {Государственное издательство физико-математической литературы, Москва (1961)},
  url       = {},
  keywords  = {functions, cartesian, coodinate systems}
}

@book{DescartesMethod,
  author = {Декарт Р.},
  title = {Рассуждение о методе},
  year = {1637},
  publisher = {Академия наук СССР (1953)},
  url       = {},
  keywords  = {functions, cartesian, coodinate systems}
}

@book{DescartesGeometry,
  author = {Декарт Р. and Ферма П.},
  title = {''Геометрия'' с приложением избранных работ П. Ферма и переписки Декарта},
  year = {1637},
  publisher = {Государственное объединенное научно-техническое издательство НКТП СССР, редакция технико-теоретической литературы (1938)},
  url       = {},
  keywords  = {functions, cartesian, coodinate systems}
}

@book{NewtonMathWorks,
  author = {Ньютон И.},
  title = {Математические работы},
  year = {1637},
  publisher = {Объединенное научно-техническое издательство НКТИ СССР, главная редакция технико-теоретической литературы (1937)},
  url       = {},
  keywords  = {functions, cartesian, coodinate systems}
}

@book{ProlemyGeographyRus,
  author = {Птолемей К.},
  title = {Руководство по географии},
  year = {1953},
  publisher = {Государственное издательство географической литературы, Москва},
  url       = {},
  keywords  = {coodinate systems}
}

@book{DirichletNumberTheoryLectures,
  author = {Дирихле П.Г.},
  title = {Лекции по теории чисел},
  year = {1953},
  publisher = {Государственное издательство географической литературы, Москва},
  url       = {},
  keywords  = {coodinate systems}
}

@book{GibbsVectorAnalysis,
  author = {Gibbs J.W.},
  title = {Elements of Vector Analysis: Arranged for the use of Students in Physics},
  year = {1881-4},
  publisher = {},
  url       = {},
  keywords  = {vector}
}

@book{CroweVectorAnalysis,
  author = {Crowe M.J.},
  title = {A History of Vector Analysis: The Evolution of the Idea of a Vectorial System},
  year = {1967},
  publisher = {Notre Dame: Univercity of Notre Dame Press},
  url       = {},
  keywords  = {vector, quaternions, Hamilton}
}